<record><leader>00000cas a22000007a 4500</leader><controlfield tag="001">21344742</controlfield><controlfield tag="008">900406u19uuuuuumnuuu ne      0    0eng d</controlfield><datafield ind1=" " ind2=" " tag="010"><subfield code="a">sn 90059462 </subfield></datafield><datafield ind1=" " ind2=" " tag="040"><subfield code="a">MN#</subfield><subfield code="b">eng</subfield><subfield code="c">MN#</subfield><subfield code="d">OCLCQ</subfield></datafield><datafield ind1=" " ind2=" " tag="042"><subfield code="a">msc</subfield></datafield><datafield ind1=" " ind2=" " tag="043"><subfield code="a">n-us-mn</subfield></datafield><datafield ind1=" " ind2=" " tag="052"><subfield code="a">4144</subfield><subfield code="b">S4:2E3</subfield></datafield><datafield ind1="0" ind2="0" tag="245"><subfield code="a">Eastside messenger.</subfield></datafield><datafield ind1="1" ind2="3" tag="246"><subfield code="a">East Side messenger</subfield></datafield><datafield ind1=" " ind2=" " tag="260"><subfield code="a">St. Paul, Minn. :</subfield><subfield code="b">Greater East Side Community Council</subfield></datafield><datafield ind1=" " ind2=" " tag="300"><subfield code="a">v.</subfield></datafield><datafield ind1=" " ind2=" " tag="588"><subfield code="a">Description based on: Mar. 1977.</subfield></datafield><datafield ind1=" " ind2=" " tag="752"><subfield code="a">United States</subfield><subfield code="b">Minnesota</subfield><subfield code="c">Ramsey</subfield><subfield code="d">Saint Paul.</subfield></datafield></record>